<?xml version="1.0" encoding="UTF-8"?><record xmlns="http://www.loc.gov/MARC21/slim" xmlns:cinclude="http://apache.org/cocoon/include/1.0" xmlns:zs="http://www.loc.gov/zing/srw/">
  <leader>00422cz  a2200121n  4500</leader>
  <controlfield tag="001">n  92024961 </controlfield>
  <controlfield tag="003">DLC</controlfield>
  <controlfield tag="005">19920306153308.1</controlfield>
  <controlfield tag="008">920306n| acannaab|          |n ana |||  </controlfield>
  <datafield tag="010" ind1=" " ind2=" ">
    <subfield code="a">n  92024961 </subfield>
  </datafield>
  <datafield tag="040" ind1=" " ind2=" ">
    <subfield code="a">DLC</subfield>
    <subfield code="c">DLC</subfield>
    <subfield code="d">DLC</subfield>
  </datafield>
  <datafield tag="110" ind1="2" ind2="0">
    <subfield code="a">Evangelization 2000 (Project)</subfield>
  </datafield>
  <datafield tag="670" ind1=" " ind2=" ">
    <subfield code="a">Worldwide Retreat for Priests (2nd : 1990 : Paul VI Audience Hall, Vatican City). Fishers of men, c1991:</subfield>
    <subfield code="b">t.p. verso (Evangelization 2000, Rome, Italy)</subfield>
  </datafield>
</record>